
@phdthesis{marmont2022,
	title = {Adoption of in-paddock feeding of methane inhibitors in pasture-based dairy: An application of the ADOPT model and a farm-level cost-effectiveness analysis},
	author = {Marmont, Ben},
	year = {2022},
	date = {2022},
	url = {https://researchcommons.waikato.ac.nz/handle/10289/15488},
	note = {Accepted: 2023-02-03T01:04:21Z},
	langid = {en}
}
